<record><leader>00000cas a2200000 a 4500</leader><controlfield tag="001">33399187</controlfield><controlfield tag="008">951101d19531973flucr ne      0    0eng c</controlfield><datafield ind1=" " ind2=" " tag="010"><subfield code="a">sn 95047206 </subfield></datafield><datafield ind1=" " ind2=" " tag="040"><subfield code="a">FUG</subfield><subfield code="b">eng</subfield><subfield code="c">FUG</subfield><subfield code="d">OCLCQ</subfield><subfield code="d">OCLCF</subfield><subfield code="d">OCLCO</subfield></datafield><datafield ind1=" " ind2=" " tag="012"><subfield code="i">9511</subfield></datafield><datafield ind1="1" ind2=" " tag="029"><subfield code="a">AU@</subfield><subfield code="b">000012081484</subfield></datafield><datafield ind1=" " ind2=" " tag="042"><subfield code="a">pcc</subfield></datafield><datafield ind1=" " ind2=" " tag="043"><subfield code="a">n-us-fl</subfield></datafield><datafield ind1="0" ind2=" " tag="130"><subfield code="a">Press-gazette (Milton, Fla.)</subfield></datafield><datafield ind1="1" ind2="4" tag="245"><subfield code="a">The Press-gazette.</subfield></datafield><datafield ind1="1" ind2="3" tag="246"><subfield code="a">Santa Rosa press combined with the Milton gazette</subfield></datafield><datafield ind1="1" ind2=" " tag="246"><subfield code="i">Sometimes issued during 1973 as:</subfield><subfield code="a">Milton press gazette</subfield></datafield><datafield ind1=" " ind2=" " tag="260"><subfield code="a">Milton, Fla. :</subfield><subfield code="b">Thomas A. Leonard,</subfield><subfield code="c">1953-1973.</subfield></datafield><datafield ind1=" " ind2=" " tag="300"><subfield code="a">v.</subfield></datafield><datafield ind1=" " ind2=" " tag="310"><subfield code="a">Semiweekly,</subfield><subfield code="b">Feb. 12-Oct. 1, 1973</subfield></datafield><datafield ind1=" " ind2=" " tag="321"><subfield code="a">Weekly,</subfield><subfield code="b">Jan. 2, 1953-Feb. 8, 1973</subfield></datafield><datafield ind1="0" ind2=" " tag="362"><subfield code="a">Vol. 45, no. 37 (Jan. 2, 1953)-v. 66, no. 52 (Oct. 1, 1973).</subfield></datafield><datafield ind1=" " ind2=" " tag="580"><subfield code="a">Formed by the union of: Santa Rosa press (Milton, Fla.), and: Milton gazette (Milton, Fla.).</subfield></datafield><datafield ind1=" " ind2="0" tag="651"><subfield code="a">Milton (Fla.)</subfield><subfield code="v">Newspapers.</subfield></datafield><datafield ind1=" " ind2="0" tag="651"><subfield code="a">Santa Rosa County (Fla.)</subfield><subfield code="v">Newspapers.</subfield></datafield><datafield ind1=" " ind2="7" tag="655"><subfield code="a">Newspapers.</subfield><subfield code="2">fast</subfield><subfield code="0">(OCoLC)fst01423814</subfield></datafield><datafield ind1=" " ind2="7" tag="651"><subfield code="a">Florida</subfield><subfield code="z">Milton.</subfield><subfield code="2">fast</subfield><subfield code="0">(OCoLC)fst01215856</subfield></datafield><datafield ind1=" " ind2="7" tag="651"><subfield code="a">Florida</subfield><subfield code="z">Santa Rosa County.</subfield><subfield code="2">fast</subfield><subfield code="0">(OCoLC)fst01210221</subfield></datafield><datafield ind1=" " ind2=" " tag="752"><subfield code="a">United States</subfield><subfield code="b">Florida</subfield><subfield code="c">Santa Rosa</subfield><subfield code="d">Milton.</subfield></datafield><datafield ind1="1" ind2="4" tag="780"><subfield code="t">Santa Rosa press (Milton, Fla.)</subfield><subfield code="w">(DLC)sn 99027013</subfield><subfield code="w">(OCoLC)43076321</subfield></datafield><datafield ind1="1" ind2="4" tag="780"><subfield code="t">Milton gazette (Milton, Fla.)</subfield><subfield code="w">(DLC)sn 95047203</subfield><subfield code="w">(OCoLC)33399186</subfield></datafield><datafield ind1="0" ind2="0" tag="785"><subfield code="t">Milton press gazette</subfield><subfield code="w">(DLC)sn 95047207</subfield><subfield code="w">(OCoLC)33399188</subfield></datafield><datafield ind1=" " ind2=" " tag="850"><subfield code="a">FU</subfield></datafield></record>